<record><leader>00000cas a22000007a 4500</leader><controlfield tag="001">22504933</controlfield><controlfield tag="008">901013d18841884nyudn ne      0    0eng d</controlfield><datafield ind1=" " ind2=" " tag="010"><subfield code="a">sn 90066544 </subfield></datafield><datafield ind1=" " ind2=" " tag="040"><subfield code="a">NYS</subfield><subfield code="b">eng</subfield><subfield code="c">NYS</subfield><subfield code="d">OCLCQ</subfield></datafield><datafield ind1=" " ind2=" " tag="042"><subfield code="a">msc</subfield></datafield><datafield ind1="0" ind2=" " tag="130"><subfield code="a">Corning Democrat (Corning, N.Y. : 1884)</subfield></datafield><datafield ind1="1" ind2="0" tag="245"><subfield code="a">Corning Democrat.</subfield></datafield><datafield ind1=" " ind2=" " tag="260"><subfield code="a">Corning, N.Y. :</subfield><subfield code="b">Frank B. Brown</subfield></datafield><datafield ind1=" " ind2=" " tag="300"><subfield code="a">v. ;</subfield><subfield code="c">51 cm.</subfield></datafield><datafield ind1=" " ind2=" " tag="310"><subfield code="a">Daily (except Sunday)</subfield></datafield><datafield ind1="0" ind2=" " tag="362"><subfield code="a">Vol. 28, no. 48. pt. 1 (May 26, 1884)-v. 29, no. 23, pt. 160 (Nov. 29, 1884) = whole no. 1412-whole no. 1439.</subfield></datafield><datafield ind1=" " ind2=" " tag="580"><subfield code="a">Weekly ed.: Corning Democrat (Corning, N.Y. : 1857).</subfield></datafield><datafield ind1=" " ind2="4" tag="651"><subfield code="a">Corning (N.Y.)</subfield><subfield code="v">Newspapers.</subfield></datafield><datafield ind1=" " ind2=" " tag="752"><subfield code="a">United States</subfield><subfield code="b">New York</subfield><subfield code="c">Steuben</subfield><subfield code="d">Corning.</subfield></datafield><datafield ind1="1" ind2=" " tag="775"><subfield code="t">Corning Democrat (Corning, N.Y. : 1857)</subfield><subfield code="w">(DLC)sn 83031261</subfield></datafield><datafield ind1="0" ind2="0" tag="785"><subfield code="t">Corning daily Democrat</subfield><subfield code="w">(DLC)sn 85054124</subfield></datafield><datafield ind1="1" ind2=" " tag="029"><subfield code="a">AU@</subfield><subfield code="b">000025870011</subfield></datafield></record>